<?xml version="1.0" encoding="UTF-8"?><collection xmlns="http://www.loc.gov/MARC21/slim"><record><leader>00382nam--2200133-i-4500</leader><controlfield tag="001">000004030</controlfield><controlfield tag="002">20161230</controlfield><controlfield tag="005">20170222165913</controlfield><controlfield tag="008">060222s1000------------r-----000-0-eng-d</controlfield><datafield ind1=" " ind2=" " tag="245"><subfield code="a">Codul de procedura civila. Textul oficial pina la data de 1 iunie 1958</subfield></datafield><datafield ind1=" " ind2=" " tag="260"><subfield code="a">Bucuresti</subfield><subfield code="b">Edit.Stiintifica</subfield><subfield code="c">1958</subfield></datafield><datafield ind1=" " ind2=" " tag="300"><subfield code="a">348 p</subfield></datafield><datafield ind1=" " ind2=" " tag="490"><subfield code="a">Ministerul Justitei</subfield></datafield><datafield ind1=" " ind2=" " tag="CAT"><subfield code="a">SYS</subfield><subfield code="c">20170222</subfield><subfield code="h">165913</subfield></datafield></record></collection>